Date,Sales
2020-01,220
2020-02,235
2020-03,210
2020-04,190
2020-05,250
2020-06,300
2020-07,320
2020-08,310
2020-09,280
2020-10,350
2020-11,400
2020-12,420
2021-01,240
2021-02,260
2021-03,270
2021-04,300
2021-05,330
2021-06,360
2021-07,400
2021-08,420
2021-09,410
2021-10,450
2021-11,480
2021-12,500
